<?xml version='1.0' encoding='UTF-8'?>
<record xmlns="http://www.loc.gov/MARC21/slim">
  <leader>01425cam a2200289 a 4500</leader>
  <controlfield tag="001">613750</controlfield>
  <controlfield tag="003">NjP</controlfield>
  <controlfield tag="005">20170905103318.0</controlfield>
  <controlfield tag="008">901127m19861987ir a     b    00010 ara d</controlfield>
  <datafield tag="024" ind1="7" ind2=" ">
    <subfield code="a">princeton_aco001586</subfield>
    <subfield code="2">local</subfield>
  </datafield>
  <datafield ind1=" " ind2=" " tag="035">
    <subfield code="a">(OCoLC)26369411</subfield>
  </datafield>
  <datafield ind1=" " ind2=" " tag="035">
    <subfield code="a">(CStRLIN)NJPG90-B53220</subfield>
  </datafield>
  <datafield ind1=" " ind2=" " tag="035">
    <subfield code="9">ACU9865TS</subfield>
  </datafield>
  <datafield ind1=" " ind2=" " tag="035">
    <subfield code="a">613750</subfield>
  </datafield>
  <datafield ind1=" " ind2=" " tag="040">
    <subfield code="a">NjP</subfield>
    <subfield code="c">NjP</subfield>
  </datafield>
  <datafield ind1="1" ind2=" " tag="100">
    <subfield code="a">Sharīf al-Murtaḍá, ʻAlam al-Hudá ʻAlī ibn al-Ḥusayn,</subfield>
    <subfield code="d">966-1044 or 1045.</subfield>
    <subfield code="0">http://id.loc.gov/authorities/names/n85009623</subfield>
  </datafield>
  <datafield ind1="1" ind2="3" tag="245">
    <subfield code="a">al-Shāfī fī al-imāmah /</subfield>
    <subfield code="c">lil-Sharīf al-Murtaḍá ʻAlī ibn al-Ḥusayn al-Mūsawī ; ḥaqqaqahu wa-ʻallaqa ʻalayhi ʻAbd al-Zahrāʼ al-Khaṭīb ; rājaʻahu Fāḍil al-Milānī</subfield>
  </datafield>
  <datafield ind1=" " ind2=" " tag="260">
    <subfield code="a">Ṭihrān, Īrān :</subfield>
    <subfield code="b">Muʼassasat al-Ṣādiq,</subfield>
    <subfield code="c">1986-1987.</subfield>
  </datafield>
  <datafield ind1=" " ind2=" " tag="300">
    <subfield code="a">4 v. :</subfield>
    <subfield code="b">ill. ;</subfield>
    <subfield code="c">25 cm.</subfield>
  </datafield>
  <datafield ind1=" " ind2=" " tag="504">
    <subfield code="a">Includes bibliographical references.</subfield>
  </datafield>
  <datafield ind1=" " ind2="0" tag="650">
    <subfield code="a">Imamate.</subfield>
    <subfield code="0">http://id.loc.gov/authorities/subjects/sh85064479</subfield>
  </datafield>
  <datafield ind1="0" ind2="0" tag="600">
    <subfield code="a">ʻAbd al-Jabbār ibn Aḥmad al-Asadābādī,</subfield>
    <subfield code="d">-1025.</subfield>
    <subfield code="t">Mughnī fī abwāb al-tawḥīd wa-al-ʻadl.</subfield>
    <subfield code="0">http://id.loc.gov/authorities/names/n85136562</subfield>
  </datafield>
  <datafield ind1=" " ind2="0" tag="650">
    <subfield code="a">Motazilites</subfield>
    <subfield code="x">Doctrines.</subfield>
  </datafield>
  <datafield ind1="1" ind2=" " tag="700">
    <subfield code="a">Milānī, Fāḍil al-Ḥusaynī.</subfield>
  </datafield>
  <datafield ind1="1" ind2=" " tag="700">
    <subfield code="a">Khaṭīb, ʻAbd al-Zahrāʼ.</subfield>
  </datafield>
  <datafield ind1=" " ind2=" " tag="998">
    <subfield code="a">11/27/90</subfield>
    <subfield code="s">9114</subfield>
    <subfield code="n">NjP</subfield>
    <subfield code="w">NJPG90B53220</subfield>
    <subfield code="d">11/27/90</subfield>
    <subfield code="c">JEB</subfield>
    <subfield code="b">JEB</subfield>
    <subfield code="i">901127</subfield>
    <subfield code="l">NJPG</subfield>
  </datafield>
  <datafield ind1=" " ind2=" " tag="911">
    <subfield code="a">19921028</subfield>
  </datafield>
  <datafield ind1=" " ind2=" " tag="912">
    <subfield code="a">19910104000000.0</subfield>
  </datafield>
  <datafield ind1="0" ind2="0" tag="852">
    <subfield code="0">672987</subfield>
    <subfield code="b">nec</subfield>
    <subfield code="t">1</subfield>
    <subfield code="h">BP195.M6</subfield>
    <subfield code="i">A23337 1986</subfield>
  </datafield>
  <datafield ind1=" " ind2=" " tag="959">
    <subfield code="a">2000-06-13 00:00:00 -0500</subfield>
  </datafield>
</record>
